{
  "status": "ok",
  "trades": [
    {
      "time": 1759835873640,
      "price": "672000010",
      "volume": "0.00918",
      "type": "sell"
    },
    {
      "time": 1759835873640,
      "price": "672000000",
      "volume": "0.05432",
      "type": "sell"
    },
    {
      "time": 1759835430355,
      "price": "674888850",
      "volume": "0.11853",
      "type": "sell"
    },
    {
      "time": 1759834880164,
      "price": "674888850",
      "volume": "0.01555",
      "type": "sell"
    },
    {
      "time": 1759834675031,
      "price": "672000050",
      "volume": "0.00744",
      "type": "sell"
    },
    {
      "time": 1759834614618,
      "price": "675000000",
      "volume": "0.00232",
      "type": "buy"
    },
    {
      "time": 1759834283092,
      "price": "672000050",
      "volume": "0.00001",
      "type": "sell"
    },
    {
      "time": 1759834264115,
      "price": "672000000",
      "volume": "0.20448",
      "type": "sell"
    },
    {
      "time": 1759834260295,
      "price": "673236250",
      "volume": "0.01196",
      "type": "sell"
    },
    {
      "time": 1759834110997,
      "price": "672000200",
      "volume": "0.00001",
      "type": "sell"
    },
    {
      "time": 1759833680850,
      "price": "672374370",
      "volume": "0.00238",
      "type": "sell"
    },
    {
      "time": 1759833165753,
      "price": "671785000",
      "volume": "0.00001",
      "type": "sell"
    },
    {
      "time": 1759832681286,
      "price": "674999980",
      "volume": "0.01948",
      "type": "buy"
    },
    {
      "time": 1759832638024,
      "price": "674078260",
      "volume": "0.0119",
      "type": "buy"
    },
    {
      "time": 1759832638024,
      "price": "675000000",
      "volume": "0.00448",
      "type": "buy"
    },
    {
      "time": 1759832596072,
      "price": "671160940",
      "volume": "0.00001",
      "type": "sell"
    },
    {
      "time": 1759832507118,
      "price": "671360450",
      "volume": "0.01191",
      "type": "buy"
    },
    {
      "time": 1759832288293,
      "price": "674744600",
      "volume": "0.96759",
      "type": "sell"
    },
    {
      "time": 1759832271320,
      "price": "675000000",
      "volume": "0.01455",
      "type": "buy"
    },
    {
      "time": 1759832210672,
      "price": "674744600",
      "volume": "0.04054",
      "type": "sell"
    }
  ]
}
